<record><leader>00000cas a22000007a 4500</leader><controlfield tag="001">22153260</controlfield><controlfield tag="008">900727d1uuu19uumauwr ne      0    0eng d</controlfield><datafield ind1=" " ind2=" " tag="010"><subfield code="a">sn 89062422 </subfield></datafield><datafield ind1=" " ind2=" " tag="040"><subfield code="a">MGN</subfield><subfield code="b">eng</subfield><subfield code="c">MGN</subfield><subfield code="d">OCLCQ</subfield></datafield><datafield ind1=" " ind2=" " tag="042"><subfield code="a">msc</subfield></datafield><datafield ind1="0" ind2="0" tag="245"><subfield code="a">Marshfield mail South Shore news.</subfield></datafield><datafield ind1="1" ind2="3" tag="246"><subfield code="a">Marshfield mail</subfield></datafield><datafield ind1=" " ind2=" " tag="260"><subfield code="a">Scituate, Mass. :</subfield><subfield code="b">Franklin Pub. Co.</subfield></datafield><datafield ind1=" " ind2=" " tag="300"><subfield code="a">v.</subfield></datafield><datafield ind1=" " ind2=" " tag="310"><subfield code="a">Weekly</subfield></datafield><datafield ind1=" " ind2=" " tag="588"><subfield code="a">Description based on: Vol. 104, no. 45 (Jan. 2, 1964).</subfield></datafield><datafield ind1=" " ind2=" " tag="752"><subfield code="a">United States</subfield><subfield code="b">Massachusetts</subfield><subfield code="c">Plymouth</subfield><subfield code="d">Scituate.</subfield></datafield><datafield ind1=" " ind2=" " tag="752"><subfield code="a">United States</subfield><subfield code="b">Massachusetts</subfield><subfield code="c">Plymouth</subfield><subfield code="d">Marshfield.</subfield></datafield></record>